@book{gibson2019compatible,
  title={Compatible Finite Element Methods for Geophysical Flows: Automation and Implementation Using Firedrake},
  author={Gibson, Thomas H and McRae, Andrew TT and Cotter, Colin J and Mitchell, Lawrence and Ham, David A},
  year={2019},
  publisher={Springer Nature}
}